% Encoding: UTF-8

@Article{KimPhysicsPlayground,
  author    = {Kim, Y. J. and Almond, R. G. and Shute, V. J.},
  title     = {Applying evidence-centered design for development of game-based assessments in {Physics} {Playground}},
  journal   = {International Journal of Testing},
  year      = {2016},
  volume    = {16},
  number    = {2},
  pages     = {142-163},
  note      = {Special issue on cogntive diagnostic modeling},
  doi       = {15305058.2015.1108322},
  owner     = {ralmond},
  timestamp = {2015.06.09},
  url       = {http://www.tandfonline.com/doi/ref/10.1080/15305058.2015.1108322},
}

@Article{OnTheStructure,
  author    = {Mislevy, Robert J. and Steinberg, Linda S. and Almond, Russell G.},
  title     = {On the structure of educational assessment (with discussion)},
  journal   = {Measurement: Interdisciplinary Research and Perspective},
  year      = {2003},
  volume    = {1},
  number    = {1},
  pages     = {3-62},
  keywords  = {Articles, Key},
  owner     = {ralmond},
  timestamp = {2005.12.16},
}

@Article{Proc4,
  author    = {Almond, Russell G. and Steinberg, Linda S. and Mislevy, Robert J.},
  title     = {Enhancing the design and delivery of assessment systems: A four-process architecture},
  journal   = {Journal of Technology, Learning, and Assessment},
  year      = {2002},
  volume    = {1},
  pages     = {(online)},
  keywords  = {Articles, online, Key},
  owner     = {ralmond},
  timestamp = {2005.12.16},
  url       = {http://www.jtla.org/},
}

@Article{HyDRIVE,
  author    = {Mislevy, Robert J. and Gitomer, D. H.},
  title     = {The role of probability based inference in an intelligent tutoring system},
  journal   = {User-Modeling and User-Adapted Interaction},
  year      = {1996},
  volume    = {5},
  pages     = {253-282},
  owner     = {jbabula},
  timestamp = {2006.01.11},
}

@Manual{xAPI,
  title        = {The Leraning Technology Manager's Guid to {xAPI}},
  author       = {Betts, Ben and Smith, Ryan},
  organization = {H2Labs},
  edition      = {2},
  year         = {2018},
  url          = {https://www.ht2labs.com/resources/the-learning-technology-managers-guide-to-the-xapi/#gf_26},
}

@Article{Mislevy2013,
  author    = {Mislevy, Robert J},
  title     = {Evidence-centered design for simulation-based assessment},
  journal   = {Military Medicine},
  year      = {2013},
  volume    = {178},
  pages     = {107-114},
  owner     = {ralmond},
  timestamp = {2015.06.08},
}

@TechReport{ECGD,
  author      = {Mislevy, Robert J. and Oranje, A. and Bauer, Malcolm I. and von Davier, Alina and Hao, J. and Corrigan, S. and Hoffman, E. and DiCerbo, K. and Joh, M.},
  title       = {Psychometric considerations in game-based assessment},
  institution = {GlassLab: Institute of Play},
  year        = {2015},
  url         = {http://www.instituteofplay.org/work/projects/glasslab-research/},
}

@Book{ShuteVentura2013,
  title     = {Stealth assessment in digital games},
  publisher = {{MIT} series},
  year      = {2013},
  author    = {Shute, V. J. and Ventura, M.},
  isbn      = {9780262518819},
  owner     = {ralmond},
  timestamp = {2015.05.18},
}

@TechReport{KeystrokeRR,
  author      = {Almond, Russell G. and Deane, Paul and Quinlan, Thomas and Wagner, Michael and Sydorenko, Tetyana},
  title       = {A Preliminary Analysis of Keystroke Log Data from a Timed Writing Task},
  institution = {Educational Testing Service},
  year        = {2012},
  type        = {Research Report},
  number      = {RR-12-23},
  keywords    = {TechReports,FSU:Report,FSU:Refereed,Papers2012, ETS},
  url         = {http://www.ets.org/research/policy_research_reports/publications/report/2012/jgdg},
}

@Article{eRater,
  author  = {Attali, Y. and Burstein, J.},
  title   = {Automated essay scoring with e-rater{\textregistered} V. 2.0},
  journal = {The Journal of Technology, Learning, and Assessment},
  year    = {2006},
  volume  = {4},
  number  = {3},
  pages   = {13--18},
  url     = {http://escholorship.bc.edu/jtla/vol4/3/},
}

@Manual{mongo,
  title        = {The MongoDB 4.0 Manual},
  organization = {MongoDB, Inc.},
  edition      = {4.0},
  year         = {2018},
  note         = {Retrieved 2018-09-03.},
  url          = {https://docs.mongodb.com/manual/},
}

@Manual{LearningLocker,
  title        = {Learning Locker Documentation},
  organization = {HT2Labs},
  edition      = {2},
  year         = {2018},
  note         = {Retrieved 2018-09-03},
  url          = {https://docs.learninglocker.net/welcome/},
}

@Comment{jabref-meta: databaseType:bibtex;}
